@article{Evangelista2010AStrain,
    title = {{A 3D SMA constitutive model in the framework of finite strain}},
    year = {2010},
    journal = {International Journal for Numerical Methods in Engineering},
    author = {Evangelista, Veronica and Marfia, Sonia and Sacco, Elio},
    number = {6},
    month = {2},
    pages = {761--785},
    volume = {81},
    doi = {10.1002/NME.2717},
    issn = {00295981},
    keywords = {Finite strain model, Numerical procedure, Shape-memory alloys, Thermodynamic formulation}
}

@article{Ge2014ATransitions,
    title = {{A finite deformation thermomechanical constitutive model for triple shape polymeric composites based on dual thermal transitions}},
    year = {2014},
    journal = {International Journal of Solids and Structures},
    author = {Ge, Qi and Luo, Xiaofan and Iversen, Christian B. and Nejad, Hossein Birjandi and Mather, Patrick T. and Dunn, Martin L. and Jerry Qi, H.},
    number = {15-16},
    month = {8},
    pages = {2777--2790},
    volume = {51},
    publisher = {Pergamon},
    doi = {10.1016/J.IJSOLSTR.2014.03.029},
    issn = {0020-7683},
    keywords = {Multi-shape memory polymers, Polymeric composite, Thermomechanical constitutive model, Triple-shape memory effects}
}

@article{Baghani2013AImplementation,
    title = {{A large deformation framework for shape memory polymers: Constitutive modeling and finite element implementation}},
    year = {2013},
    journal = {Journal of Intelligent Material Systems and Structures},
    author = {Baghani, Mostafa and Naghdabadi, Reza and Arghavani, Jamal},
    number = {1},
    month = {1},
    pages = {21--32},
    volume = {24},
    url = {http://journals.sagepub.com/doi/10.1177/1045389X12455728},
    doi = {10.1177/1045389X12455728},
    issn = {1045-389X},
    keywords = {Shape memory polymers, continuum thermodynamics, finite deformation, finite element, numerical solution}
}

@article{Xue2022ATransition,
    title = {{A thermodynamic constitutive model for shape memory polymers based on phase transition}},
    year = {2022},
    journal = {Polymer},
    author = {Xue, Yiheng and Lei, Jincheng and Liu, Zishun},
    month = {3},
    pages = {124623},
    volume = {243},
    publisher = {Elsevier},
    doi = {10.1016/J.POLYMER.2022.124623},
    issn = {0032-3861},
    keywords = {Phase transition, Shape memory polymers, Thermodynamic constitutive model}
}

@article{Boatti2016AData,
    title = {{A three-dimensional finite-strain phenomenological model for shape-memory polymers: Formulation, numerical simulations, and comparison with experimental data}},
    year = {2016},
    journal = {International Journal of Plasticity},
    author = {Boatti, Elisa and Scalet, Giulia and Auricchio, Ferdinando},
    month = {8},
    pages = {153--177},
    volume = {83},
    publisher = {Pergamon},
    url = {https://linkinghub.elsevier.com/retrieve/pii/S0749641916300572},
    doi = {10.1016/j.ijplas.2016.04.008},
    issn = {07496419},
    keywords = {A. Phase transformation, A. Thermomechanical processes, B. Constitutive behavior, B. Finite strain, Shape-memory polymers}
}

@article{Volk2011CharacterizingPolymer,
    title = {{Characterizing and modeling the free recovery and constrained recovery behavior of a polyurethane shape memory polymer}},
    year = {2011},
    journal = {Smart Materials and Structures},
    author = {Volk, Brent L and Lagoudas, Dimitris C and Maitland, Duncan J},
    number = {9},
    month = {9},
    pages = {094004},
    volume = {20},
    url = {https://iopscience.iop.org/article/10.1088/0964-1726/20/9/094004},
    doi = {10.1088/0964-1726/20/9/094004},
    issn = {0964-1726}
}

@article{Volk2011CharacterizingPolymerb,
    title = {{Characterizing and modeling the free recovery and constrained recovery behavior of a polyurethane shape memory polymer}},
    year = {2011},
    journal = {Smart Materials and Structures},
    author = {Volk, Brent L and Lagoudas, Dimitris C and Maitland, Duncan J},
    number = {9},
    month = {9},
    pages = {094004},
    volume = {20},
    url = {https://iopscience.iop.org/article/10.1088/0964-1726/20/9/094004},
    doi = {10.1088/0964-1726/20/9/094004},
    issn = {0964-1726}
}

@incollection{Hutter2018ColemanNollTheories,
    title = {{Colemanâ€“Noll Procedure for Classical and Generalized Continuum Theories}},
    year = {2018},
    booktitle = {Encyclopedia of Continuum Mechanics},
    author = {H{\"{u}}tter, Geralf},
    pages = {1--8},
    publisher = {Springer Berlin Heidelberg},
    url = {http://link.springer.com/10.1007/978-3-662-53605-6_57-1},
    address = {Berlin, Heidelberg},
    doi = {10.1007/978-3-662-53605-6{\_}57-1}
}

@book{Simo1998ComputationalInelasticity,
    title = {{Computational inelasticity}},
    year = {1998},
    author = {Simo, J. C. (Juan C.) and Hughes, Thomas J. R.},
    pages = {392},
    publisher = {Springer},
    isbn = {978-1-4757-7169-5}
}

@book{Haupt2002ContinuumMaterials,
    title = {{Continuum Mechanics and Theory of Materials}},
    year = {2002},
    author = {Haupt, Peter},
    series = {Advanced Texts in Physics},
    publisher = {Springer Berlin Heidelberg},
    url = {http://link.springer.com/10.1007/978-3-662-04775-0},
    address = {Berlin, Heidelberg},
    isbn = {978-3-642-07718-0},
    doi = {10.1007/978-3-662-04775-0}
}

@article{DiPrima2010DeformationSimulation,
    title = {{Deformation of epoxy shape memory polymer foam: Part II. Mesoscale modeling and simulation}},
    year = {2010},
    journal = {Mechanics of Materials},
    author = {Di Prima, M. A. and Gall, K. and McDowell, D. L. and Guldberg, R. and Lin, A. and Sanderson, T. and Campbell, D. and Arzberger, S. C.},
    number = {3},
    month = {3},
    pages = {315--325},
    volume = {42},
    doi = {10.1016/J.MECHMAT.2009.11.002},
    issn = {01676636},
    keywords = {Foam, Mesoscale, Modeling, Polymers, Shape memory}
}

@article{Lubarda2001ElastoplasticityTheory,
    title = {{Elastoplasticity theory}},
    year = {2001},
    journal = {Elastoplasticity Theory},
    author = {Lubarda, Vlado A.},
    month = {1},
    pages = {1--644},
    publisher = {CRC Press},
    url = {https://www.taylorfrancis.com/books/mono/10.1201/9781420040784/elastoplasticity-theory-vlado-lubarda},
    isbn = {9781420040784},
    doi = {10.1201/9781420040784/ELASTOPLASTICITY-THEORY-VLADO-LUBARDA}
}

@article{Reese2010FiniteStents,
    title = {{Finite element-based multi-phase modelling of shape memory polymer stents}},
    year = {2010},
    journal = {Computer Methods in Applied Mechanics and Engineering},
    author = {Reese, S. and B{\"{o}}l, M. and Christ, D.},
    number = {21-22},
    month = {4},
    pages = {1276--1286},
    volume = {199},
    doi = {10.1016/J.CMA.2009.08.014},
    issn = {00457825},
    keywords = {Finite element method, Large deformations, Phase transformation, Rubber-glass transition}
}

@article{Gall2004InternalNanocomposites,
    title = {{Internal stress storage in shape memory polymer nanocomposites}},
    year = {2004},
    journal = {Applied Physics Letters},
    author = {Gall, Ken and Dunn, Martin L. and Liu, Yiping and Stefanic, Goran and Balzar, Davor},
    number = {2},
    month = {7},
    pages = {290},
    volume = {85},
    publisher = {American Institute of PhysicsAIP},
    url = {https://aip.scitation.org/doi/abs/10.1063/1.1769087},
    doi = {10.1063/1.1769087},
    issn = {0003-6951},
    keywords = {filled polymers, internal stresses, lattice constants, nanocomposites, nanoparticles, particle reinforced composites, recovery, shape memory effects, silicon compounds, stress-strain relations}
}

@book{Adeeb2011IntroductionMathematica,
    title = {{Introduction to solid mechanics and finite element analysis using mathematica}},
    year = {2011},
    author = {Adeeb, Samer.},
    pages = {482},
    publisher = {Kendall Hunt},
    isbn = {1465232338}
}

@article{Sadik2017OnGradient,
    title = {{On the origins of the idea of the multiplicative decomposition of the deformation gradient}},
    year = {2017},
    journal = {Mathematics and Mechanics of Solids},
    author = {Sadik, Souhayl and Yavari, Arash},
    number = {4},
    month = {4},
    pages = {771--772},
    volume = {22},
    publisher = {SAGE PublicationsSage UK: London, England},
    url = {http://journals.sagepub.com/doi/10.1177/1081286515612280},
    doi = {10.1177/1081286515612280},
    issn = {1081-2865}
}

@article{Dettmer2004OnRegime,
    title = {{On the theoretical and numerical modelling of Armstrong-Frederick kinematic hardening in the finite strain regime}},
    year = {2004},
    journal = {Computer Methods in Applied Mechanics and Engineering},
    author = {Dettmer, W},
    number = {1-2},
    month = {1},
    pages = {87--116},
    volume = {193},
    doi = {10.1016/j.cma.2003.09.005}
}

@article{Huang2009ReturnGeomechanics,
    title = {{Return Mapping Algorithms and Stress Predictors for Failure Analysis in Geomechanics}},
    year = {2009},
    journal = {Journal of Engineering Mechanics},
    author = {Huang, Jinsong and Griffiths, D. V.},
    number = {4},
    month = {4},
    pages = {276--284},
    volume = {135},
    publisher = {American Society of Civil Engineers (ASCE)},
    url = {https://www.researchgate.net/publication/228905211_Return_Mapping_Algorithms_and_Stress_Predictors_for_Failure_Analysis_in_Geomechanics},
    doi = {10.1061/(ASCE)0733-9399(2009)135:4(276)},
    issn = {0733-9399}
}

@article{Lester2015REVIEWSystems,
    title = {{REVIEW AND PERSPECTIVE IN MECHANICS Review and perspectives: shape memory alloy composite systems}},
    year = {2015},
    journal = {Acta Mech},
    author = {Lester, Brian T and Baxevanis, Theocharis and Chemisky, Yves and Lagoudas, Dimitris C},
    pages = {3907--3960},
    volume = {226},
    doi = {10.1007/s00707-015-1433-0}
}

@article{Liu2007ReviewPolymers,
    title = {{Review of progress in shape-memory polymers}},
    year = {2007},
    journal = {Journal of Materials Chemistry},
    author = {Liu, C. and Qin, H. and Mather, P. T.},
    number = {16},
    month = {4},
    pages = {1543--1558},
    volume = {17},
    publisher = {The Royal Society of Chemistry},
    url = {https://pubs.rsc.org/en/content/articlehtml/2007/jm/b615954k https://pubs.rsc.org/en/content/articlelanding/2007/jm/b615954k},
    doi = {10.1039/B615954K},
    issn = {1364-5501}
}

@article{Pedregosa2012Scikit-learn:Python,
    title = {{Scikit-learn: Machine Learning in Python}},
    year = {2012},
    journal = {Journal of Machine Learning Research},
    author = {Pedregosa, Fabian and Varoquaux, GaÃ«l and Gramfort, Alexandre and Michel, Vincent and Thirion, Bertrand and Grisel, Olivier and Blondel, Mathieu and M{\"{u}}ller, Andreas and Nothman, Joel and Louppe, Gilles and Prettenhofer, Peter and Weiss, Ron and Dubourg, Vincent and Vanderplas, Jake and Passos, Alexandre and Cournapeau, David and Brucher, Matthieu and Perrot, Matthieu and Duchesnay, Ã‰douard},
    number = {85},
    month = {1},
    pages = {2825--2830},
    volume = {12},
    url = {http://arxiv.org/abs/1201.0490},
    arxivId = {1201.0490}
}

@article{Abrahamson2003ShapeResin,
    title = {{Shape memory mechanics of an elastic memory composite resin}},
    year = {2003},
    journal = {Journal of Intelligent Material Systems and Structures},
    author = {Abrahamson, Erik R. and Lake, Mark S. and Munshi, Naseem A. and Gall, Ken},
    number = {10},
    month = {10},
    pages = {623--632},
    volume = {14},
    doi = {10.1177/104538903036213},
    issn = {1045389X},
    keywords = {Elastic memory composite, Glass transition, Shape memory polymer, Shape recovery}
}

@misc{Steven2014ShapeMateriability,
    title = {{Shape Memory Polymers â€“ materiability}},
    year = {2014},
    author = {Steven, Beites},
    url = {https://materiability.com/portfolio/shape-memory-polymers/}
}

@article{Tobushi2008ShapePolymer,
    title = {{Shape recovery and irrecoverable strain control in polyurethane shape-memory polymer}},
    year = {2008},
    journal = {Science and Technology of Advanced Materials},
    author = {Tobushi, Hisaaki and Hayashi, Syunichi and Hoshio, Kazumasa and Ejiri, Yoshihiro},
    number = {1},
    month = {1},
    pages = {015009},
    volume = {9},
    url = {https://www.tandfonline.com/doi/full/10.1088/1468-6996/9/1/015009},
    doi = {10.1088/1468-6996/9/1/015009},
    issn = {1468-6996},
    keywords = {irrecoverable strain, polyurethane, shape fixity, shape recovery, shape-memory polymer, strain-holding condition}
}

@incollection{Mazurek-Budzynska2019Shape-MemoryPolymers,
    title = {{Shape-Memory Polymers}},
    year = {2019},
    booktitle = {Functional Polymers},
    author = {Mazurek-Budzy{\'{n}}ska, Magdalena and Razzaq, Muhammad Yasar and Behl, Marc and Lendlein, Andreas},
    editor = {Jafar Mazumder, Mohammad Abu and Sheardown, Heather and Al-Ahmed, Amir},
    pages = {605--663},
    publisher = {Springer International Publishing},
    url = {https://doi.org/10.1007/978-3-319-95987-0_18},
    address = {Cham},
    isbn = {978-3-319-95987-0},
    doi = {10.1007/978-3-319-95987-0{\_}18}
}

@article{Lendlein2010Shape-memory226.,
    title = {{Shape-memory polymers. Advances in Polymer Science, Vol 226.}},
    year = {2010},
    journal = {Advances in Polymer Science},
    author = {Lendlein, Andreas},
    editor = {Lendlein, Andreas},
    number = {12},
    pages = {210},
    series = {Advances in Polymer Science},
    volume = {226},
    publisher = {Springer Berlin Heidelberg},
    url = {http://internal-pdf//Book Lendlein Advances in polymer science Springer-0112186886/Book Lendlein Advances in polymer science Springer.pdf%0Ahttp://dx.doi.org/10.1007/12_2009_28},
    isbn = {978-3-642-12359-7},
    issn = {1521-3773},
    keywords = {Carbon nanotubes Nanoparticle Shape-memory effect}
}

@techreport{ColemanTheViscosity,
    title = {{The Thermodynamics of Elastic Materials with Heat Conduction and Viscosity}},
    author = {Coleman, Bernard D and Noll, Walter}
}

@article{Liu2006ThermomechanicsModeling,
    title = {{Thermomechanics of shape memory polymers: Uniaxial experiments and constitutive modeling}},
    year = {2006},
    journal = {International Journal of Plasticity},
    author = {Liu, Yiping and Gall, Ken and Dunn, Martin L. and Greenberg, Alan R. and Diani, Julie},
    number = {2},
    month = {2},
    pages = {279--313},
    volume = {22},
    doi = {10.1016/J.IJPLAS.2005.03.004},
    issn = {07496419},
    keywords = {Constitutive model, Polymer network, Shape memory effect, Stress and strain recovery, Thermomechanics}
}